@Book{Book1,
  author =       {Yaser S. Abu Mfostafa and Hsuan Tien Lin and Malik Magdon Ismail},  
  title =        {Learning From Data},
  year =         2012}
  
@ONLINE{Online1,
title = {Machine Learning - Wikipedia{@Online}},
url = {https://en.wikipedia.org/wiki/Machine_learning}
}  

@ONLINE{Online2,
title = {Feature Scaling - Wikipedia{@Online}},
url = {https://en.wikipedia.org/wiki/Feature_scaling}
}  

@ONLINE{Online3,
title = {Standardization vs Normalization{@Online}},
url = {http://www.dataminingblog.com/standardization-vs-normalization/}
} 
